@incollection{huang2024llmops,
  title={From LLMOps to DevSecOps for GenAI},
  author={Huang, Ken and Manral, Vishwas and Wang, Wickey},
  booktitle={Generative AI Security: Theories and Practices},
  pages={241--269},
  year={2024},
  publisher={Springer}
}



@article{doi:10.1080/09537280902938613,
	author = {B. Saenz de Ugarte, A. Artiba and R. Pellerin},
	doi = {10.1080/09537280902938613},
	eprint = {https://doi.org/10.1080/09537280902938613},
	journal = {Production Planning \& Control},
	number = {6},
	pages = {525--539},
	publisher = {Taylor \& Francis},
	title = {Manufacturing execution system -- a literature review},
	url = {https://doi.org/10.1080/09537280902938613},
	volume = {20},
	year = {2009},
	Bdsk-Url-1 = {https://doi.org/10.1080/09537280902938613}}


@article{shojaeinasab2022intelligent,
  title={Intelligent manufacturing execution systems: A systematic review},
  author={Shojaeinasab, Ardeshir and Charter, Todd and Jalayer, Masoud and Khadivi, Maziyar and Ogunfowora, Oluwaseyi and Raiyani, Nirav and Yaghoubi, Marjan and Najjaran, Homayoun},
  journal={Journal of Manufacturing Systems},
  volume={62},
  pages={503--522},
  year={2022},
  publisher={Elsevier}
}
@article{yao2022webshop,
  title={Webshop: Towards scalable real-world web interaction with grounded language agents},
  author={Yao, Shunyu and Chen, Howard and Yang, John and Narasimhan, Karthik},
  journal={Advances in Neural Information Processing Systems},
  volume={35},
  pages={20744--20757},
  year={2022}
}
@article{deng2024mind2web,
  title={Mind2web: Towards a generalist agent for the web},
  author={Deng, Xiang and Gu, Yu and Zheng, Boyuan and Chen, Shijie and Stevens, Sam and Wang, Boshi and Sun, Huan and Su, Yu},
  journal={Advances in Neural Information Processing Systems},
  volume={36},
  year={2024}
}
@article{martinez2011graphical,
  title={Graphical user interfaces},
  author={Martinez, Wendy L},
  journal={Wiley Interdisciplinary Reviews: Computational Statistics},
  volume={3},
  number={2},
  pages={119--133},
  year={2011},
  publisher={Wiley Online Library}
}
@article{SHOJAEINASAB2022503,
title = {Intelligent manufacturing execution systems: A systematic review},
journal = {Journal of Manufacturing Systems},
volume = {62},
pages = {503-522},
year = {2022},
issn = {0278-6125},
doi = {https://doi.org/10.1016/j.jmsy.2022.01.004},
url = {https://www.sciencedirect.com/science/article/pii/S0278612522000048},
author = {Ardeshir Shojaeinasab and Todd Charter and Masoud Jalayer and Maziyar Khadivi and Oluwaseyi Ogunfowora and Nirav Raiyani and Marjan Yaghoubi and Homayoun Najjaran},
keywords = {Manufacturing Execution System, Intelligent Manufacturing, Artificial Intelligence, Industry 4.0, IoT, Systematic Literature Review},
}
@inproceedings{mantravadi2020user,
  title={User-friendly mes interfaces: Recommendations for an ai-based chatbot assistance in industry 4.0 shop floors},
  author={Mantravadi, Soujanya and Jansson, Andreas Dyr{\o}y and M{\o}ller, Charles},
  booktitle={Asian Conference on Intelligent Information and Database Systems},
  pages={189--201},
  year={2020},
  organization={Springer}
}

@article{DALIBOR2022101117,
title = {Generating customized low-code development platforms for digital twins},
journal = {Journal of Computer Languages},
volume = {70},
pages = {101117},
year = {2022},
issn = {2590-1184},
doi = {https://doi.org/10.1016/j.cola.2022.101117},
url = {https://www.sciencedirect.com/science/article/pii/S2590118422000235},
author = {Manuela Dalibor and Malte Heithoff and Judith Michael and Lukas Netz and Jérôme Pfeiffer and Bernhard Rumpe and Simon Varga and Andreas Wortmann},
keywords = {Digital twin, Low-code development platform, Domain-specific languages, Model-driven engineering, Code generation},
}
@inproceedings{cabot2020positioning,
  title={Positioning of the low-code movement within the field of model-driven engineering},
  author={Cabot, Jordi},
  booktitle={Proceedings of the 23rd ACM/IEEE International Conference on Model Driven Engineering Languages and Systems: Companion Proceedings},
  pages={1--3},
  year={2020}
}
@inproceedings{rokis2022challenges,
  title={Challenges of low-code/no-code software development: A literature review},
  author={Rokis, Karlis and Kirikova, Marite},
  booktitle={International Conference on Business Informatics Research},
  pages={3--17},
  year={2022},
  organization={Springer}
}
@article{hu2023chatdb,
  title={Chatdb: Augmenting llms with databases as their symbolic memory},
  author={Hu, Chenxu and Fu, Jie and Du, Chenzhuang and Luo, Simian and Zhao, Junbo and Zhao, Hang},
  journal={arXiv preprint arXiv:2306.03901},
  year={2023}
}
@article{xue2023dbgpt,
      title={DB-GPT: Empowering Database Interactions with Private Large Language Models}, 
      author={Siqiao Xue and Caigao Jiang and Wenhui Shi and Fangyin Cheng and Keting Chen and Hongjun Yang and Zhiping Zhang and Jianshan He and Hongyang Zhang and Ganglin Wei and Wang Zhao and Fan Zhou and Danrui Qi and Hong Yi and Shaodong Liu and Faqiang Chen},
      year={2023},
      journal={arXiv preprint arXiv:2312.17449},
      url={https://arxiv.org/abs/2312.17449}
}
@article{li2024can,
  title={Can llm already serve as a database interface? a big bench for large-scale database grounded text-to-sqls},
  author={Li, Jinyang and Hui, Binyuan and Qu, Ge and Yang, Jiaxi and Li, Binhua and Li, Bowen and Wang, Bailin and Qin, Bowen and Geng, Ruiying and Huo, Nan and others},
  journal={Advances in Neural Information Processing Systems},
  volume={36},
  year={2024}
}

@article{ge2024openagi,
  title={Openagi: When llm meets domain experts},
  author={Ge, Yingqiang and Hua, Wenyue and Mei, Kai and Tan, Juntao and Xu, Shuyuan and Li, Zelong and Zhang, Yongfeng and others},
  journal={Advances in Neural Information Processing Systems},
  volume={36},
  year={2024}
}
@inproceedings{DBLP:conf/iclr/0036YZXLL0DMYZ024,
  author       = {Xiao Liu and
                  Hao Yu and
                  Hanchen Zhang and
                  Yifan Xu and
                  Xuanyu Lei and
                  Hanyu Lai and
                  Yu Gu and
                  Hangliang Ding and
                  Kaiwen Men and
                  Kejuan Yang and
                  Shudan Zhang and
                  Xiang Deng and
                  Aohan Zeng and
                  Zhengxiao Du and
                  Chenhui Zhang and
                  Sheng Shen and
                  Tianjun Zhang and
                  Yu Su and
                  Huan Sun and
                  Minlie Huang and
                  Yuxiao Dong and
                  Jie Tang},
  title        = {AgentBench: Evaluating LLMs as Agents},
  booktitle    = {The Twelfth International Conference on Learning Representations,
                  {ICLR} 2024, Vienna, Austria, May 7-11, 2024},
  publisher    = {OpenReview.net},
  year         = {2024},
  url          = {https://openreview.net/forum?id=zAdUB0aCTQ},
  timestamp    = {Wed, 07 Aug 2024 17:11:53 +0200},
  biburl       = {https://dblp.org/rec/conf/iclr/0036YZXLL0DMYZ024.bib},
  bibsource    = {dblp computer science bibliography, https://dblp.org}
}

@article{lian2024chatbi,
  title={ChatBI: Towards Natural Language to Complex Business Intelligence SQL},
  author={Lian, Jinqing and Liu, Xinyi and Shao, Yingxia and Dong, Yang and Wang, Ming and Wei, Zhang and Wan, Tianqi and Dong, Ming and Yan, Hailin},
  journal={arXiv preprint arXiv:2405.00527},
  year={2024}
}

@article{li2024codes,
  title={Codes: Towards building open-source language models for text-to-sql},
  author={Li, Haoyang and Zhang, Jing and Liu, Hanbing and Fan, Ju and Zhang, Xiaokang and Zhu, Jun and Wei, Renjie and Pan, Hongyan and Li, Cuiping and Chen, Hong},
  journal={Proceedings of the ACM on Management of Data},
  volume={2},
  number={3},
  pages={1--28},
  year={2024},
  publisher={ACM New York, NY, USA}
}
@article{pourreza2024din,
  title={Din-sql: Decomposed in-context learning of text-to-sql with self-correction},
  author={Pourreza, Mohammadreza and Rafiei, Davood},
  journal={Advances in Neural Information Processing Systems},
  volume={36},
  year={2024}
}
@inproceedings{DBLP:conf/acl/ZengLLWLD024,
  author       = {Aohan Zeng and
                  Mingdao Liu and
                  Rui Lu and
                  Bowen Wang and
                  Xiao Liu and
                  Yuxiao Dong and
                  Jie Tang},
  editor       = {Lun{-}Wei Ku and
                  Andre Martins and
                  Vivek Srikumar},
  title        = {AgentTuning: Enabling Generalized Agent Abilities for LLMs},
  booktitle    = {Findings of the Association for Computational Linguistics, {ACL} 2024,
                  Bangkok, Thailand and virtual meeting, August 11-16, 2024},
  pages        = {3053--3077},
  publisher    = {Association for Computational Linguistics},
  year         = {2024},
  url          = {https://doi.org/10.18653/v1/2024.findings-acl.181},
  doi          = {10.18653/V1/2024.FINDINGS-ACL.181},
  timestamp    = {Tue, 24 Sep 2024 10:55:38 +0200},
  biburl       = {https://dblp.org/rec/conf/acl/ZengLLWLD024.bib},
  bibsource    = {dblp computer science bibliography, https://dblp.org}
}
@article{wei2022chain,
  title={Chain-of-thought prompting elicits reasoning in large language models},
  author={Wei, Jason and Wang, Xuezhi and Schuurmans, Dale and Bosma, Maarten and Xia, Fei and Chi, Ed and Le, Quoc V and Zhou, Denny and others},
  journal={Advances in neural information processing systems},
  volume={35},
  pages={24824--24837},
  year={2022}
}
@INPROCEEDINGS{9781176,
  author={Chen, Jingjing and Wu, Hequn and Li, Yafei and Wu, Xiaoxin and Zhao, Yueqiang and Shi, Yao and Tang, Songjia and Shi, Yulun and Chen, Hangyi},
  booktitle={2021 IEEE 23rd Int Conf on High Performance Computing \& Communications;}, 
  title={HANA-MES: A HMI-awared Manufacturing Execution System}, 
  year={2021},
  volume={},
  number={},
  pages={1863-1869},
  doi={10.1109/HPCC-DSS-SmartCity-DependSys53884.2021.00276}
}
@article{sun2024empowering,
  title={Empowering digital twins with large language models for global temporal feature learning},
  author={Sun, Yicheng and Zhang, Qi and Bao, Jinsong and Lu, Yuqian and Liu, Shimin},
  journal={Journal of Manufacturing Systems},
  volume={74},
  pages={83--99},
  year={2024},
  publisher={Elsevier}
}
@article{yadav2021comprehensive,
  title={A comprehensive review on resolving ambiguities in natural language processing},
  author={Yadav, Apurwa and Patel, Aarshil and Shah, Manan},
  journal={AI Open},
  volume={2},
  pages={85--92},
  year={2021},
  publisher={Elsevier}
}
@article{colabianchi2023human,
  title={Human-technology integration with industrial conversational agents: A conceptual architecture and a taxonomy for manufacturing},
  author={Colabianchi, Silvia and Tedeschi, Andrea and Costantino, Francesco},
  journal={Journal of Industrial Information Integration},
  volume={35},
  pages={100510},
  year={2023},
  publisher={Elsevier}
}
@article{XIA2024102728,
title = {Leveraging error-assisted fine-tuning large language models for manufacturing excellence},
journal = {Robotics and Computer-Integrated Manufacturing},
volume = {88},
pages = {102728},
year = {2024},
issn = {0736-5845},
doi = {https://doi.org/10.1016/j.rcim.2024.102728},
url = {https://www.sciencedirect.com/science/article/pii/S0736584524000140},
author = {Liqiao Xia and Chengxi Li and Canbin Zhang and Shimin Liu and Pai Zheng},
keywords = {Large language model, Smart manufacturing, Industry 4.0, Knowledge management, Generative AI},
}
@article{li2024building,
  title={Building a knowledge graph to enrich ChatGPT responses in manufacturing service discovery},
  author={Li, Yunqing and Starly, Binil},
  journal={Journal of Industrial Information Integration},
  volume={40},
  pages={100612},
  year={2024},
  publisher={Elsevier}
}
@article{xu2024llm,
  title={LLM enabled generative collaborative design in a mixed reality environment},
  author={Xu, Shengyang and Wei, Yao and Zheng, Pai and Zhang, Jia and Yu, Chunyang},
  journal={Journal of Manufacturing Systems},
  volume={74},
  pages={703--715},
  year={2024},
  publisher={Elsevier}
}
@article{wu2024processcarbonagent,
  title={ProcessCarbonAgent: A large language models-empowered autonomous agent for decision-making in manufacturing carbon emission management},
  author={Wu, Tao and Li, Jie and Bao, Jinsong and Liu, Qiang},
  journal={Journal of Manufacturing Systems},
  volume={76},
  pages={429--442},
  year={2024},
  publisher={Elsevier}
}
@article{xie2023self,
  title={Self-improving for zero-shot named entity recognition with large language models},
  author={Xie, Tingyu and Li, Qi and Zhang, Yan and Liu, Zuozhu and Wang, Hongwei},
  journal={arXiv preprint arXiv:2311.08921},
  year={2023}
}
@inproceedings{li2022application,
  title={Application Research of MES in Intelligent Manufacturing Training Factory},
  author={Li, Zhou and Li, Guwei and Li, Zhengyuan},
  booktitle={International Conference on Adaptive and Intelligent Systems},
  pages={118--127},
  year={2022},
  organization={Springer}
}

@Article{pr10112173,
AUTHOR = {Shaheen, Basheer Wasef and Németh, István},
TITLE = {Integration of Maintenance Management System Functions with Industry 4.0 Technologies and Features—A Review},
JOURNAL = {Processes},
VOLUME = {10},
YEAR = {2022},
NUMBER = {11},
ARTICLE-NUMBER = {2173},
URL = {https://www.mdpi.com/2227-9717/10/11/2173},
ISSN = {2227-9717},
DOI = {10.3390/pr10112173}
}
@article{holzinger2022personas,
  title={Personas for Artificial Intelligence (AI) an Open Source Toolbox},
  author={Holzinger, Andreas and Kargl, Michaela and Kipperer, Bettina and Regitnig, Peter and Plass, Markus and Müller, Heimo},
  journal={IEEE Access},
  volume={10},
  pages={23732--23747},
  year={2022},
  publisher={IEEE},
  doi={10.1109/ACCESS.2022.3154776}
}

@article{delser2024counterfactual,
  title={On Generating Trustworthy Counterfactual Explanations},
  author={Del Ser, Javier and Barredo-Arrieta, Alejandro and Díaz-Rodríguez, Natalia and Herrera, Francisco and Saranti, Anna and Holzinger, Andreas},
  journal={Information Sciences},
  volume={655},
  pages={119898},
  year={2024},
  publisher={Elsevier},
  doi={10.1016/j.ins.2023.119898}
}
@article{siderska2020robotic,
  title={Robotic Process Automation—a driver of digital transformation?},
  author={Siderska, Julia},
  journal={Engineering Management in Production and Services},
  volume={12},
  number={2},
  pages={21--31},
  year={2020}
}
@article{jain2024smartflow,
  title={SmartFlow: Robotic Process Automation using LLMs},
  author={Jain, Arushi and Paliwal, Shubham and Sharma, Monika and Vig, Lovekesh and Shroff, Gautam},
  journal={arXiv preprint arXiv:2405.12842},
  year={2024}
}
@inproceedings{wang2023enabling,
  title={Enabling conversational interaction with mobile ui using large language models},
  author={Wang, Bryan and Li, Gang and Li, Yang},
  booktitle={Proceedings of the 2023 CHI Conference on Human Factors in Computing Systems},
  pages={1--17},
  year={2023}
}
@article{sharma2014web,
  title={Web based automation testing and tools},
  author={Sharma, Monika and Angmo, Rigzin},
  journal={International Journal of Computer Science and Information Technologies},
  volume={5},
  number={1},
  pages={908--912},
  year={2014}
}
@article{del2024generating,
  title={On generating trustworthy counterfactual explanations},
  author={Del Ser, Javier and Barredo-Arrieta, Alejandro and D{\'\i}az-Rodr{\'\i}guez, Natalia and Herrera, Francisco and Saranti, Anna and Holzinger, Andreas},
  journal={Information Sciences},
  volume={655},
  pages={119898},
  year={2024},
  publisher={Elsevier}
}